@inproceedings{Verh04,
	title = "Reward variance in Markov chains : a calculational approach",
	author = "T. Verhoeff",
	year = "2004",
	language = "English",
	series = "Computer Science Reports",
	publisher = "Technische Universiteit Eindhoven",
	editor = "L.G.W.A. Cleophas and B.W. Watson",
	booktitle = "Proceedings of the Eindhoven FASTAR Days 2004 (Eindhoven, The Netherlands, September 3-4, 2004)",
	
}
@book{Bai08,
	author = {Baier, Christel and Katoen, Joost-Pieter},
	title = {Principles of Model Checking (Representation and Mind Series)},
	year = {2008},
	isbn = {026202649X},
	publisher = {The MIT Press}
}
@Article{Her90,
	author={T. Herman},
	title={Probabilistic Self-stabilization},
	journal={Information Processing Letters},
	year={1990},
	
	volume={35},
	number={2},
	pages={63--67},
	month={},
	note={},
	key={}
}
@online{PRISMCS,
	title  = {PRISM - Case Studies},
	date   = {2019-01},
	url    = {https://www.prismmodelchecker.org/casestudies/index.php}
}

@online{MCA,
	title = {MC Analyzer - a tool to calculate edge-reward expects, variances and covariances in discrete time markov chains},
	url = {https://github.com/Necktschnagge/markov_chain_analyzer}
}
@online{PRISMFiles,
	title = {PRISM Manual | Appendices / Explicit Model Files},
	url = {https://www.prismmodelchecker.org/manual/Appendices/ExplicitModelFiles}	
}
@article{Dixon1982,
	author = {Dixon, J.D.},
	journal = {Numerische Mathematik},
	keywords = {exact arithmetic; p-adic approximation; rational approximation; integer matrix; successive refinements; Euclidean algorithm},
	pages = {137-142},
	title = {Exact Solution of Linear Equations Using P-Adic Expansions},
	url = {http://eudml.org/doc/132821},
	volume = {40},
	year = {1982},
}
@Article{KNP12a,
	author={M. Kwiatkowska and G. Norman and D. Parker},
	title={Probabilistic Verification of Hermanâ€™s Self-Stabilisation Algorithm},
	journal={Formal Aspects of Computing},
	year={2012},
	volume={24},
	number={4},
	pages={661-670},
	publisher={Springer},
	month={},
	note={},
	key={}
}
