@book{NoO15,
	author = {No One},
	title = {The Philosophy of Nothing},
	year = {31415},
	isbn = {3.1415},
	publisher = {The Unknown Press}
}
@Article{Any00,
	author={Any One},
	title={The Philosophy of Anything},
	journal={The Anything is Contained},
	year={0},
}
